---
---
References
==========

@article{Black2010,
  title={Inside the black box: Raising standards through classroom assessment},
  author={Black, Paul and Wiliam, Dylan},
  journal={Phi Delta Kappan},
  volume={92},
  number={1},
  pages={81--90},
  year={2010},
  publisher={SAGE Publications Sage CA: Los Angeles, CA}
}

