% Encoding: UTF-8

@Article{Gustafsson2015,
  author    = {Gustafsson, Ove JR and Briggs, Matthew T and Condina, Mark R and Winderbaum, Lyron J and Pelzing, Matthias and McColl, Shaun R and Everest-Dass, Arun V and Packer, Nicolle H and Hoffmann, Peter},
  title     = {{MALDI} imaging mass spectrometry of {N}-linked glycans on formalin-fixed paraffin-embedded murine kidney},
  journal   = {Analytical and Bioanalytical Chemistry},
  year      = {2015},
  volume    = {407},
  number    = {8},
  pages     = {2127--2139},
  month     = mar,
  publisher = {Springer},
  url       = {https://doi.org/10.1007/s00216-014-8293-7},
}

@Article{Winderbaum2012,
  author    = {Winderbaum, Lyron and Ciobanu, Cristiana L and Cook, Nigel J and Paul, Matthew and Metcalfe, Andrew and Gilbert, Sarah},
  title     = {Multivariate Analysis of an {LA-ICP-MS} Trace Element Dataset for Pyrite},
  journal   = {Mathematical Geosciences},
  year      = {2012},
  volume    = {44},
  number    = {7},
  pages     = {823--842},
  month     = oct,
  publisher = {Springer},
  url       = {https://doi.org/10.1007/s11004-012-9418-1},
}

@Article{Winderbaum2015,
  author    = {Winderbaum, Lyron J and Koch, Inge and Gustafsson, Ove JR and Meding, Stephan and Hoffmann, Peter and others},
  title     = {Feature extraction for proteomics imaging mass spectrometry data},
  journal   = {The Annals of Applied Statistics},
  year      = {2015},
  volume    = {9},
  number    = {4},
  pages     = {1973--1996},
  publisher = {Institute of Mathematical Statistics},
  url       = {https://projecteuclid.org/euclid.aoas/1453994187},
}

@Article{Winderbaum2016,
  author  = {Winderbaum, Lyron and Koch, Inge and Mittal, Parul and Hoffmann, Peter},
  title   = {Classification of {MALDI-MS} imaging data of tissue microarrays using canonical correlation analysis-based variable selection},
  journal = {Proteomics},
  year    = {2016},
  volume  = {16},
  number  = {11-12},
  pages   = {1731--1735},
  month   = mar,
  url     = {https://doi.org/10.1002/pmic.201500451},
}

@Article{Zhang2016,
  author    = {Zhang, Chao and Arentz, Georgia and Winderbaum, Lyron and Lokman, Noor and Klingler-Hoffmann, Manuela and Mittal, Parul and Carter, Christopher and Oehler, Martin and Hoffmann, Peter},
  title     = {{MALDI} mass spectrometry imaging reveals decreased {CK5} levels in vulvar squamous cell carcinomas compared to the precursor lesion differentiated vulvar intraepithelial neoplasia},
  journal   = {International Journal of Molecular Sciences},
  year      = {2016},
  volume    = {17},
  number    = {7},
  pages     = {1088},
  month     = jul,
  publisher = {Multidisciplinary Digital Publishing Institute},
  url       = {https://doi.org/10.3390/ijms17071088},
}

@Article{Mittal2016,
  author  = {Mittal, Parul and Klingler-Hoffmann, Manuela and Arentz, Georgia and Winderbaum, Lyron and Lokman, Noor A and Zhang, Chao and Anderson, Lyndal and Scurry, James and Leung, Yee and Stewart, Colin JR and others},
  title   = {Lymph node metastasis of primary endometrial cancers: associated proteins revealed by {MALDI} imaging},
  journal = {Proteomics},
  year    = {2016},
  volume  = {16},
  number  = {11-12},
  pages   = {1793--1801},
  month   = apr,
  url     = {https://doi.org/10.1002/pmic.201500455},
}

@Article{Mittal2017,
  author    = {Mittal, Parul and Klingler-Hoffmann, Manuela and Arentz, Georgia and Winderbaum, Lyron and Kaur, Gurjeet and Anderson, Lyndal and Scurry, James and Leung, Yee and Stewart, Colin JR and Carter, Jonathan and others},
  title     = {Annexin {A2} and alpha actinin 4 expression correlates with metastatic potential of primary endometrial cancer},
  journal   = {Biochimica et Biophysica Acta (BBA) - Proteins and Proteomics},
  year      = {2017},
  volume    = {1865},
  number    = {7},
  pages     = {846--857},
  month     = jul,
  publisher = {Elsevier},
  url       = {https://doi.org/10.1016/j.bbapap.2016.10.010},
}

@Article{Zammit2016,
  author    = {Zammit, Carla M and Weiland, Florian and Brugger, Jo{\"e}l and Wade, Benjamin and Winderbaum, Lyron Juan and Nies, Dietrich H and Southam, Gordon and Hoffmann, Peter and Reith, Frank},
  title     = {Proteomic responses to gold ({III})-toxicity in the bacterium \textit{Cupriavidus metallidurans} {CH34}},
  journal   = {Metallomics},
  year      = {2016},
  volume    = {8},
  number    = {11},
  pages     = {1204--1216},
  month     = oct,
  publisher = {Royal Society of Chemistry},
  url       = {https://www.doi.org/10.1039/C6MT00142D},
}

@InCollection{Arentz2017,
  author    = {Arentz, G and Mittal, P and Zhang, C and Ho, Y-Y and Briggs, M and Winderbaum, L and Hoffmann, MK and Hoffmann, P},
  title     = {Applications of mass spectrometry imaging to cancer},
  booktitle = {Advances in cancer research},
  publisher = {Academic Press},
  year      = {2017},
  volume    = {134},
  chapter   = {2},
  pages     = {27--66},
  url       = {https://doi.org/10.1016/bs.acr.2016.11.002},
}

@Article{Gustafsson2018a,
  author    = {Gustafsson, Ove JR and Winderbaum, Lyron J and Condina, Mark R and Boughton, Berin A and Hamilton, Brett R and Undheim, Eivind AB and Becker, Michael and Hoffmann, Peter},
  title     = {Balancing sufficiency and impact in reporting standards for mass spectrometry imaging experiments},
  journal   = {GigaScience},
  year      = {2018},
  volume    = {7},
  number    = {10},
  pages     = {giy102},
  month     = oct,
  publisher = {Oxford University Press},
  url       = {https://doi.org/10.1093/gigascience/giy102},
}

@Article{Gustafsson2018,
  author    = {Gustafsson, Ove JR and Briggs, Matthew T and Condina, Mark R and Winderbaum, Lyron J and Pelzing, Matthias and McColl, Shaun R and Everest-Dass, Arun V and Packer, Nicolle H and Hoffmann, Peter},
  title     = {Raw {N}-glycan mass spectrometry imaging data on formalin-fixed mouse kidney},
  journal   = {Data in Brief},
  year      = {2018},
  volume    = {21},
  pages     = {185},
  doi       = {https://doi.org/10.1016/j.dib.2018.08.186},
  publisher = {Elsevier},
}

@Comment{jabref-meta: databaseType:bibtex;}
