
@article{Churchill2013,
  title={Teaching: Making a difference},
  author={Churchill, Rick and Ferguson, Peter and Godinho, Sally and Johnson, Nicola F and Keddie, Amanda and Letts, Will and Mackay, Jenny and McGill, Michele and Moss, Julianne and Nagel, Michael and Nicholson, Paul and Vick, Melissa},
  year={2013},
  publisher={John Wiley \& Sons Australia, Limited},
  edition={second}
}

@article{Black2010,
  title={Inside the black box: Raising standards through classroom assessment},
  author={Black, Paul and Wiliam, Dylan},
  journal={Phi Delta Kappan},
  volume={92},
  number={1},
  pages={81--90},
  year={2010},
  publisher={SAGE Publications Sage CA: Los Angeles, CA},
  url={http://journals.sagepub.com/doi/abs/10.1177/003172171009200119}
}

@article{Masters2014,
  title={Assessment: getting to the essence},
  author={Masters, Geoff N},
  year={2014},
  publisher={Centre for Strategic Education (CSE)}
}




